@comment{
	List of Publications by Duc A. Hoang
	Last Updated: 2024-11-27
}
@article{journals/corr/BanerjeeEH24-2,
	title         = {Directed Token Sliding},
	author        = {Niranka Banerjee and Christian Engels and Duc A. Hoang},
	year          = {2024},
	journal       = {arXiv preprint},
	url_arxiv     = {https://arxiv.org/abs/2411.16149},
	pubtype       = {In Preparation}
}
@article{journals/corr/LamPH24,
	title         = {A Note on Reconfiguration Graphs of Cliques},
	author        = {Quan N. Lam and Huu-An Phan and Duc A. Hoang},
	year          = {2024},	
	pubtype       = {In Preparation}
}

@article{journals/tcs/Hoang24,
	title         = {On the Complexity of Distance-\(d\)\ Independent Set Reconfiguration},
	author        = {Duc A. Hoang},
	year          = {2024},
	journal       = {<a href="https://www.sciencedirect.com/journal/theoretical-computer-science/">Theoretical Computer Science</a>},
	volume        = {1009},
	doi           = {10.1016/j.tcs.2024.114682},
	bibbase_note  = {Selected paper in <a href="https://www.sciencedirect.com/special-issue/10BL7369K9G/">Special Issue of WALCOM 2023</a>.},
	url_arxiv     = {https://arxiv.org/abs/2208.07199v5},
	article-number = {114682},
	pubtype       = {Journal}
}
@article{journals/corr/BanerjeeEH24,
	title         = {Distance Recoloring},
	author        = {Niranka Banerjee and Christian Engels and Duc A. Hoang},
	year          = {2024},
	journal       = {arXiv preprint},
	url_arxiv     = {https://arxiv.org/abs/2402.12705},
	pubtype       = {In Preparation}
}
@inproceedings{conf/cocoon/BanerjeeH24,
	title         = {The Complexity of Distance-\(r\)\ Dominating Set Reconfiguration},
	author        = {Niranka Banerjee and Duc A. Hoang},
	year          = {2024},
	booktitle     = {Proceedings of <a href="https://anl.sjtu.edu.cn/cocoon2024/">COCOON 2024</a>},
	publisher     = {Springer},
	series        = {LNCS},
	note          = {To appear},
	editor        = {Yong Chen and Xiaofeng Gao and Xiaoming Sun and An Zhang},
	url_arxiv     = {https://arxiv.org/abs/2310.00241},
	pubtype       = {Refereed International Conference}
}
@article{journals/ars/AvisH24,
	title         = {A Note on Acyclic Token Sliding Reconfiguration Graphs of Independent Sets},
	author        = {David Avis and Duc A. Hoang},
	year          = {2024},
	journal       = {<a href="https://combinatorialpress.com/ars/">Ars Combinatoria</a>},
	volume        = {159},
	pages         = {133--154},
	doi           = {10.61091/ars159-12},
	url_hdl       = {http://hdl.handle.net/2433/278262},
	url_arxiv     = {http://arxiv.org/abs/2301.00317},
	pubtype       = {Journal}
}
@article{journals/gc/AvisH23,
	title         = {On Reconfiguration Graphs of Independent Sets under Token Sliding},
	author        = {David Avis and Duc A. Hoang},
	year          = {2023},
	month         = {5},
	journal       = {<a href="https://www.springer.com/journal/373">Graphs and Combinatorics</a>},
	volume        = {39},
	number        = {3},
	doi           = {10.1007/s00373-023-02644-w},
	article-number = {59},
	url_hdl       = {http://hdl.handle.net/2433/277778},
	url_arxiv     = {https://arxiv.org/abs/2203.16861},
	url_graphs    = {graphs/#S1},
	url_correction = {https://doi.org/10.1007/s00373-023-02684-2},
	pubtype       = {Journal}
}
@inproceedings{conf/walcom/Hoang23,
	title         = {On the Complexity of Distance-\(d\)\ Independent Set Reconfiguration},
	author        = {Duc A. Hoang},
	year          = {2023},
	booktitle     = {Proceedings of <a href="https://www.walcom2023.conf.nycu.edu.tw/">WALCOM 2023</a>},
	publisher     = {Springer},
	series        = {LNCS},
	volume        = {13973},
	pages         = {254--266},
	doi           = {10.1007/978-3-031-27051-2_22},
	editor        = {Bertrand M. T. Lin and Chun-Cheng Lin and Giuseppe Liotta},
	url_hdl       = {http://hdl.handle.net/2433/277668},
	url_arxiv     = {https://arxiv.org/abs/2208.07199v4},
	url_slides    = {events/WALCOM2023/slides.pdf},
	url_video     = {https://www.youtube.com/watch?v=aTMiWYge4rw},
	pubtype       = {Refereed International Conference}
}
@article{journals/ieicet/HoangSY22,
	title         = {Reconfiguring \(k\)-Path Vertex Covers},
	author        = {Duc A. Hoang and Akira Suzuki and Tsuyoshi Yagita},
	year          = {2022},
	journal       = {<a href="https://www.jstage.jst.go.jp/browse/transinf/">IEICE Transactions on Information and Systems</a>},
	volume        = {E105.D},
	number        = {7},
	pages         = {1258--1272},
	doi           = {10.1587/transinf.2021EDP7177},
	url_hdl       = {http://hdl.handle.net/2433/277557},
	url_arxiv     = {https://arxiv.org/abs/1911.03026v2},
	pubtype       = {Journal}
}
@article{journals/tag/Hoang23,
	title         = {TS-Reconfiguration of \(k\)-Path Vertex Covers in Caterpillars for \(k \geq 4\)},
	author        = {Duc A. Hoang},
	year          = {2023},
	month         = {4},
	journal       = {<a href="https://digitalcommons.georgiasouthern.edu/tag/">Theory and Applications of Graphs</a>},
	volume        = {10},
	number        = {1},
	doi           = {10.20429/tag.2023.10108},
	article-number = {8},
	url_hdl       = {http://hdl.handle.net/2433/277667},
	url_arxiv     = {https://arxiv.org/abs/2203.11667},
	pubtype       = {Journal}
}
@inproceedings{conf/walcom/HoangSY20,
	title         = {Reconfiguring \(k\)-Path Vertex Covers},
	author        = {Duc A. Hoang and Akira Suzuki and Tsuyoshi Yagita},
	year          = {2020},
	booktitle     = {Proceedings of <a href="https://www.comp.nus.edu.sg/%7Ewalcom20/">WALCOM 2020</a>},
	publisher     = {Springer},
	series        = {LNCS},
	volume        = {12049},
	pages         = {133--145},
	doi           = {10.1007/978-3-030-39881-1_12},
	editor        = {Rahman, M. Sohel and Sadakane, Kunihiko and Sung, Wing-Kin},
	url_arxiv     = {https://arxiv.org/abs/1911.03026v1},
	url_slides    = {events/WALCOM2020/slides.pptx},
	pubtype       = {Refereed International Conference}
}
@inproceedings{conf/ciac/HoangKU19,
	title         = {Shortest Reconfiguration Sequence for Sliding Tokens on Spiders},
	author        = {Duc A. Hoang and Amanj Khorramian and Ryuhei Uehara},
	year          = {2019},
	booktitle     = {Proceedings of <a href="http://easyconferences.eu/ciac2019/">CIAC 2019</a>},
	publisher     = {Springer},
	series        = {LNCS},
	volume        = {11485},
	pages         = {262--273},
	doi           = {10.1007/978-3-030-17402-6_22},
	editor        = {Pinar Heggernes},
	url_arxiv     = {https://arxiv.org/abs/1806.08291},
	url_slides    = {events/CIAC2019/slides.pdf},
	pubtype       = {Refereed International Conference}
}
@phdthesis{thesis/phd/Hoang18,
	title         = {Independent Set Reconfiguration and Related Problems for Some Restricted Graphs},
	author        = {Duc A. Hoang},
	year          = {2018},
	month         = {June},
	school        = {<a href="http://www.jaist.ac.jp/">Japan Advanced Institute of Science and Technology</a>},
	url_hdl       = {http://hdl.handle.net/10119/15431},
	url_slides    = {events/PhD-Defense/Duc_FinalDefense_20180507.pdf},
	pubtype       = {Thesis/Dissertation}
}
@comment{
bibbase_note  = {<span style="color:green">We thank Mariana Teatini Ribeiro and <a href="http://homepages.dcc.ufmg.br/%7eviniciussantos/">Vin\'{i}cius Fernandes dos Santos</a> for pointing out a flaw in Proposition 6. So far, we have not been able to resolve this issue. See <a href="https://hoanganhduc.github.io/events/WALCOM2017/note.pdf">this note</a> for more details.</span>},
}
@inproceedings{conf/walcom/HoangFU17,
	title         = {Sliding Tokens on Block Graphs},
	author        = {Duc A. Hoang and Eli Fox-Epstein and Ryuhei Uehara},
	year          = {2017},
	booktitle     = {Proceedings of <a href="http://walcom2017.nctu.edu.tw/">WALCOM 2017</a>},
	publisher     = {Springer},
	series        = {LNCS},
	volume        = {10167},
	pages         = {460--471},
	doi           = {10.1007/978-3-319-53925-6_36},
	editor        = {Sheung-Hung Poon and Md. Saidur Rahman and Hsu-Chun Yen},
	url_hdl       = {http://hdl.handle.net/10119/15359},
	url_slides    = {events/WALCOM2017/slides.pdf},
	url_pdfnote   = {https://hoanganhduc.github.io/events/WALCOM2017/note.pdf},
	pubtype       = {Refereed International Conference}
}
@comment{
bibbase_note  = {<span style="color:green">We thank Mathew Francis and Veena Prabhakaran for pointing out a flaw in Lemma 6. So far, we have not been able to resolve this issue. See <a href="https://hoanganhduc.github.io/events/ISAAC2016/note.pdf">this note</a> for more details.</span>},
}
@inproceedings{conf/isaac/HoangU16,
	title         = {Sliding Tokens on a Cactus},
	author        = {Duc A. Hoang and Ryuhei Uehara},
	year          = {2016},
	booktitle     = {Proceedings of <a href="http://rp-www.cs.usyd.edu.au/%7Evisual/isaac2016/">ISAAC 2016</a>},
	publisher     = {Schloss Dagstuhl -- Leibniz-Zentrum f{\"u}r Informatik},
	series        = {LIPIcs},
	volume        = {64},
	pages         = {37:1--37:26},
	doi           = {10.4230/LIPIcs.ISAAC.2016.37},
	editor        = {Seok-Hee Hong},
	url_hdl       = {http://hdl.handle.net/10119/15125},
	url_slides    = {events/ISAAC2016/slides.pdf},
	url_pdfnote   = {https://hoanganhduc.github.io/events/ISAAC2016/note.pdf},
	pubtype       = {Refereed International Conference}
}
@inproceedings{conf/isaac/Fox-EpsteinHOU15,
	title         = {Sliding Token on Bipartite Permutation Graphs},
	author        = {Eli Fox-Epstein and Duc A. Hoang and Yota Otachi and Ryuhei Uehara},
	year          = {2015},
	booktitle     = {Proceedings of <a href="http://www.al.cm.is.nagoya-u.ac.jp/isaac2015/">ISAAC 2015</a>},
	publisher     = {Springer},
	series        = {LNCS},
	volume        = {9472},
	pages         = {237--247},
	doi           = {10.1007/978-3-662-48971-0_21},
	editor        = {Elbassioni, Khaled and Makino, Kazuhisa},
	url_hdl       = {http://hdl.handle.net/10119/13805},
	url_slides    = {events/ISAAC2015/slides.pdf},
	pubtype       = {Refereed International Conference}
}
@article{journals/tcs/DemaineDFHIOOUY15,
	title         = {Linear-Time Algorithm for Sliding Tokens on Trees},
	author        = {Erik D. Demaine and Martin L. Demaine and Eli Fox-Epstein and Duc A. Hoang and Takehiro Ito and Hirotaka Ono and Yota Otachi and Ryuhei Uehara and Takeshi Yamada},
	year          = {2015},
	journal       = {<a href="https://www.sciencedirect.com/journal/theoretical-computer-science/">Theoretical Computer Science</a>},
	volume        = {600},
	pages         = {132--142},
	doi           = {10.1016/j.tcs.2015.07.037},
	url_arxiv     = {https://arxiv.org/abs/1406.6576v2},
	url_hdl       = {http://hdl.handle.net/1721.1/99985},
	url_pdf       = {https://erikdemaine.org/papers/TokenReconfigurationTrees_TCS2015/paper.pdf},
	pubtype       = {Journal}
}
@mastersthesis{thesis/msc/Hoang15,
	title         = {The Independent Set Reconfiguration Problem on Some Restricted Graphs},
	author        = {Duc A. Hoang},
	year          = {2015},
	month         = {March},
	school        = {<a href="http://www.jaist.ac.jp/">Japan Advanced Institute of Science and Technology</a>},
	url_hdl       = {http://hdl.handle.net/10119/12643},
	pubtype       = {Thesis/Dissertation}
}
@inproceedings{conf/isaac/DemaineDFHIOOUY14,
	title         = {Polynomial-Time Algorithm for Sliding Tokens on Trees},
	author        = {Erik D. Demaine and Martin L. Demaine and Eli Fox-Epstein and Duc A. Hoang and Takehiro Ito and Hirotaka Ono and Yota Otachi and Ryuhei Uehara and Takeshi Yamada},
	year          = {2014},
	booktitle     = {Proceedings of <a href="http://tcs.postech.ac.kr/isaac2014/">ISAAC 2014</a>},
	publisher     = {Springer},
	series        = {LNCS},
	volume        = {8889},
	pages         = {389--400},
	doi           = {10.1007/978-3-319-13075-0_31},
	editor        = {Hee-Kap Ahn and Chan-Su Shin},
	url_arxiv     = {https://arxiv.org/abs/1406.6576v1},
	url_hdl       = {http://hdl.handle.net/10119/13765},
	url_slides    = {events/ISAAC2014/slides.pptx},
	pubtype       = {Refereed International Conference}
}
