@article{Pokrovskiy2022,
	title         = {Graphs with Sudoku number \(n-1\)},
	author        = {Alexey Pokrovskiy},
	year          = {2022},
	journal       = {arXiv preprint},
	eprint        = {2206.08914}
}
@article{Maria2023,
	title         = {Sudoku number of graphs},
	author        = {Maria Jeyaseeli, J and Lau, GC and Shiu, WC and Arumugam, S},
	year          = {2023},
	journal       = {AKCE International Journal of Graphs and Combinatorics},
	publisher     = {Taylor \& Francis},
	volume        = {20},
	number        = {2},
	pages         = {209--216},
	doi           = {10.1080/09728600.2023.2218917}
}
@book{Lewis2021,
	title         = {Guide to Graph Colouring: Algorithms and Applications},
	author        = {Rhyd M. R. Lewis},
	year          = {2021},
	publisher     = {Springer},
	doi           = {10.1007/978-3-030-81054-2},
	edition       = {2nd}
}
@misc{FischerF19,
	title         = {Color reconfiguration with token swapping},
	author        = {Dennis Fischer and Janosch Fuchs},
	year          = {2019},
	url           = {https://people.inf.ethz.ch/dkomm/arda2019/abstracts/ARDA2019-Fischer_Fuchs.pdf},
	note          = {ARDA 2019}
}
@article{YamanakaDIKKOSS15,
	title         = {Swapping Labeled Tokens on Graphs},
	author        = {Katsuhisa Yamanaka and Erik D. Demaine and Takehiro Ito and Jun Kawahara and Masashi Kiyomi and Yoshio Okamoto and Toshiki Saitoh and Akira Suzuki and Kei Uchizawa and Takeaki Uno},
	year          = {2015},
	journal       = {Theoretical Computer Science},
	volume        = {586},
	pages         = {81--94},
	doi           = {10.1016/j.tcs.2015.01.052}
}
