@article{article1,
author = {John Doe},
title = {{An interesting article}},
journal = {Journal of nice papers},
year = {2018},
volume = {10},
number = {1},
pages = {1--20},
doi = {10.1007/xxxxxxx}
}

@article{article2,
author = {John Smith and Jane Doe},
title = {{A nice preprint}},
journal = {arXiv preprint},
year = {2018},
archivePrefix = {arXiv},
eprint = {18xx.xxxx}
}


@inproceedings{article3,
author = {Jane Doe},
title = {{Another paper}},
booktitle = {Proceedings of some great conferences},
publisher =	{Schloss Dagstuhl--Leibniz-Zentrum fuer Informatik},
year = {2018}
}
